<record><leader>00000cas a2200000 a 4500</leader><controlfield tag="001">12564733</controlfield><controlfield tag="008">850917d18981905ksuwr ne      0    0eng d</controlfield><datafield ind1=" " ind2=" " tag="010"><subfield code="a">sn 85029782 </subfield></datafield><datafield ind1=" " ind2=" " tag="040"><subfield code="a">KSH</subfield><subfield code="b">eng</subfield><subfield code="c">KSH</subfield><subfield code="d">NPT</subfield><subfield code="d">OCL</subfield><subfield code="d">OCLCQ</subfield></datafield><datafield ind1=" " ind2=" " tag="042"><subfield code="a">msc</subfield></datafield><datafield ind1="0" ind2=" " tag="130"><subfield code="a">Record (Russell, Kan.)</subfield></datafield><datafield ind1="1" ind2="4" tag="245"><subfield code="a">The record.</subfield></datafield><datafield ind1=" " ind2=" " tag="260"><subfield code="a">Russell, Kan. :</subfield><subfield code="b">Arthur C. Jones,</subfield><subfield code="c">1898-1905.</subfield></datafield><datafield ind1=" " ind2=" " tag="300"><subfield code="a">7 v. :</subfield><subfield code="b">ill. ;</subfield><subfield code="c">50-59 cm.</subfield></datafield><datafield ind1=" " ind2=" " tag="310"><subfield code="a">Weekly</subfield></datafield><datafield ind1="0" ind2=" " tag="362"><subfield code="a">Vol. 26, no. 36 (Aug. 27, 1898)-v. 33, no. 13 (Apr. 1, 1905).</subfield></datafield><datafield ind1=" " ind2=" " tag="500"><subfield code="a">Published by T.A. Edgerton, Feb. 11-Apr. 1, 1905.</subfield></datafield><datafield ind1=" " ind2=" " tag="500"><subfield code="a">"Republican."</subfield></datafield><datafield ind1=" " ind2=" " tag="752"><subfield code="a">United States</subfield><subfield code="b">Kansas</subfield><subfield code="c">Russell</subfield><subfield code="d">Russell.</subfield></datafield><datafield ind1="0" ind2="0" tag="780"><subfield code="t">Russell record and journal</subfield><subfield code="w">(DLC)sn 85029781</subfield></datafield><datafield ind1="0" ind2="0" tag="785"><subfield code="t">Russell record (Russell, Kan. : 1905)</subfield><subfield code="w">(DLC)sn 85029783</subfield></datafield><datafield ind1="1" ind2=" " tag="029"><subfield code="a">AU@</subfield><subfield code="b">000022172391</subfield></datafield></record>